@misc{
    longtermcare,
    title = {Selected Long-Term Care Statistics},
    author = {Family Caregiver Alliance National Center on Caregiving},
    howpublished = {\url{https://www.caregiver.org/selected-long-term-care-statistics}},
    note = {Accessed 9 September 2018}
}

@misc{
    dmemarket,
    title = {{U.S. Durable Medical Equipment Market Analysis Report By Product (Monitoring \& Therapeutic Devices, Personal Mobility Devices, Bathroom Safety Devices \& Medical Furniture), And Segment Forecasts, 2018 - 2025}},2
    howpublished = {\url{https://www.grandviewresearch.com/industry-analysis/us-durable-medical-equipment-dme-market}},
    note = {Accessed 9 September 2018}
}

@misc{
    homecarestats,
    title = {Basic Statistics About Home Care},
    author = {The National Association for Home Care and Hospice},
    howpublished = {\url{http://www.nahc.org/wp-content/uploads/2017/10/10hc_stats.pdf}},
    note = {Accessed 9 September 2018}
}

@misc{
    EMRvsEHR,
    title = {EHR vs. EMR},
    author = {Practice Fusion},
    howpublished = {\url{https://www.practicefusion.com/blog/ehr-vs-emr/}},
    note = {Accessed 9 September 2018}
}

@misc{
    HIPAA,
    title = {{42 CFR 403.812 - HIPAA privacy, security, administrative data standards, and national identifiers.}},
    howpublished = {\url{https://www.law.cornell.edu/cfr/text/42/403.812}},
    note = {Accessed 9 September 2018}
}

@misc{
    palmaEHR,
    title = {Electronic Health Records: The Good, the Bad and the Ugly},
    author = {{George Palma, MD}},
    howpublished = {\url{https://www.beckershospitalreview.com/healthcare-information-technology/electronic-health-records-the-good-the-bad-and-the-ugly.html}},
    note = {Accessed 9 September 2018}
}

@misc{
    universaldesign,
    title = {Guidelines for Application Software Accessibility},
    howpublished = {\url{http://universaldesign.ie/Technology-ICT/Irish-National-IT-Accessibility-Guidelines/Application-software/Guidelines-for-Application-Software-Accessibility/}},
    note = {Accessed 9 September 2018}
}

@misc{
    w3Accessibility,
    title = {Accessibility},
    howpublished = {\url{https://www.w3.org/standards/webdesign/accessibility}},
    note = {Accessed 9 September 2018}
}

@misc{
    matrixspec,
    title = {Matrix Specification},
    howpublished = {\url{https://matrix.org/docs/spec/}},
    note = {Accessed 9 September 2018}
}

@misc{
    dmeDefinition,
    title = {Durable Medical Equipment},
    howpublished = {\url{https://www.healthcare.gov/glossary/durable-medical-quipment-dme/}},
    note = {Accessed 9 September 2018}
}

@misc{
    DLT,
    title = {{Blockchain \& Distributed Ledger Technology (DLT)}},
    howpublished = {\url{https://www.worldbank.org/en/topic/financialsector/brief/blockchain-dlt}},
    note = {Accessed 9 September 2018}
}
